<collection xmlns="http://www.loc.gov/MARC21/slim"><record><leader>00605nam  2200193   450</leader><controlfield tag="001">8</controlfield><controlfield tag="003">http://montalegre.opacnet.com/OPAC/default.aspx?ContentAreaControl=ShowRegHoldings.ascx&amp;RegNo=16662</controlfield><datafield tag="095" ind1=" " ind2=" "><subfield code="a">PTBN00220354</subfield></datafield><datafield tag="100" ind1=" " ind2=" "><subfield code="a">20061013d1973    m  y0pory010305  ba</subfield></datafield><datafield tag="101" ind1="1" ind2=" "><subfield code="a">por</subfield><subfield code="c">fre</subfield></datafield><datafield tag="102" ind1=" " ind2=" "><subfield code="a">PT</subfield></datafield><datafield tag="200" ind1="1" ind2=" "><subfield code="a">Don Fernando</subfield><subfield code="f">Fernand Fournier Aubry</subfield><subfield code="g">trad. Berta Mendes</subfield></datafield><datafield tag="210" ind1=" " ind2=" "><subfield code="a">Amadora</subfield><subfield code="c">Bertrand</subfield><subfield code="d">1973</subfield></datafield><datafield tag="215" ind1=" " ind2=" "><subfield code="a">530 p.</subfield><subfield code="c">il.</subfield><subfield code="d">20 cm</subfield></datafield><datafield tag="225" ind1="2" ind2=" "><subfield code="a">Autores universais</subfield><subfield code="h">monumental</subfield></datafield><datafield tag="675" ind1=" " ind2=" "><subfield code="a">821</subfield><subfield code="z">por</subfield></datafield><datafield tag="700" ind1=" " ind2="1"><subfield code="a">Aubry</subfield><subfield code="b">Fernand Fournier</subfield></datafield><datafield tag="702" ind1=" " ind2="1"><subfield code="a">Mendes</subfield><subfield code="b">Berta</subfield><subfield code="f">1907-</subfield><subfield code="4">730</subfield></datafield><datafield tag="801" ind1=" " ind2="0"><subfield code="a">PT</subfield><subfield code="b">Biblioteca Municipal de Montalegre</subfield><subfield code="g">RPC</subfield></datafield><datafield tag="909" ind1="&#9;" ind2=" "><subfield code="a">1</subfield></datafield><datafield tag="966" ind1=" " ind2=" "><subfield code="a">0008617</subfield><subfield code="l">BMM</subfield><subfield code="s">SCG 821 AUB don</subfield></datafield></record></collection>